<record><leader>00000cas a22000007a 4500</leader><controlfield tag="001">14773252</controlfield><controlfield tag="008">861120d19291930aluwr ne      0    0eng d</controlfield><datafield ind1=" " ind2=" " tag="010"><subfield code="a">sn 86050422 </subfield></datafield><datafield ind1=" " ind2=" " tag="040"><subfield code="a">CPN</subfield><subfield code="b">eng</subfield><subfield code="c">CPN</subfield><subfield code="d">OCLCQ</subfield></datafield><datafield ind1=" " ind2=" " tag="042"><subfield code="a">msc</subfield></datafield><datafield ind1="0" ind2="4" tag="245"><subfield code="a">The Slocomb news and the Slocomb observer.</subfield></datafield><datafield ind1=" " ind2=" " tag="260"><subfield code="a">Slocomb, Ala. :</subfield><subfield code="b">Eugene Stutts,</subfield><subfield code="c">1929-1930.</subfield></datafield><datafield ind1=" " ind2=" " tag="300"><subfield code="a">v.</subfield></datafield><datafield ind1=" " ind2=" " tag="310"><subfield code="a">Weekly</subfield></datafield><datafield ind1="0" ind2=" " tag="362"><subfield code="a">Vol. 15, no. 50 (Jan. 31, 1929)-v. 17, no. 19 (June 19, 1930).</subfield></datafield><datafield ind1=" " ind2=" " tag="752"><subfield code="a">United States</subfield><subfield code="b">Alabama</subfield><subfield code="c">Geneva</subfield><subfield code="d">Slocomb.</subfield></datafield><datafield ind1="0" ind2="4" tag="780"><subfield code="t">Slocomb news</subfield></datafield><datafield ind1="0" ind2="4" tag="780"><subfield code="t">Slocomb observer</subfield><subfield code="w">(DLC)sn 86050421</subfield></datafield><datafield ind1="0" ind2="0" tag="785"><subfield code="t">Slocomb observer (Slocomb, Ala.)</subfield><subfield code="w">(DLC)sn 86050423</subfield></datafield></record>